@book{bookc:maclane97,
  author    = {Saunders {Mac Lane}},
  title     = {Categories for the working mathematician},
  publisher = {Springer},
  year      = {1997},
  edition   = {Second Edition}
}

@book{bookc:awodey10,
  author    = {Steve Awodey},
  title     = {Category Theory},
  publisher = {Oxford University Press},
  year      = {2010},
  edition   = {Second Edition}
}

@booklet{lecnotes:leinster,
  author  = {Tom Leinster},
  title   = {Category Theory},
  url	  = {http://www.maths.ed.ac.uk/~tl/msci/},
  note    = {Course notes}
}

@booklet{talk:loher,
  author = {Johannes Loher},
  title  = {Adjunktionen~1},
  note   = {Vortrag~8}
}

@booklet{www:nlab:2category,
  author  = {nLab},
  title   = {2-category},
  url	  = {http://ncatlab.org/nlab/show/2-category},
  year 	  = {08.12.2013}
}

@booklet{www:an:youcis:productcat2,
  author  = {Alex Youcis},
  title   = {Product of Categories (Pt. II)},
  url	  = {http://drexel28.wordpress.com/2011/12/31/product-of-categories-pt-ii/},
  year 	  = {08.12.2013}
}
